@misc{ebpf,
  author       = {Larsen, Ken Friis},
  title        = {{eBPF Tools}},
  url = {https://github.com/kfl/ebpf-tools},
  note         = {Accessed: 2025-09-21},
  year         = {2025}
}

@article{mine,
url = {http://dx.doi.org/10.1561/2500000034},
year = {2017},
volume = {4},
journal = {Foundations and Trends® in Programming Languages},
title = {Tutorial on Static Inference of Numeric Invariants by Abstract Interpretation},
doi = {10.1561/2500000034},
issn = {2325-1107},
number = {3-4},
pages = {120-372},
author = {Antoine Miné}
}
